<collection xmlns="http://www.loc.gov/MARC21/slim"><record><leader>00970nam  2200277   450</leader><controlfield tag="001">792</controlfield><controlfield tag="003">http://montalegre.opacnet.com/OPAC/default.aspx?ContentAreaControl=ShowRegHoldings.ascx&amp;RegNo=16662</controlfield><controlfield tag="005">20</controlfield><datafield tag="010" ind1=" " ind2=" "><subfield code="a">972-22-2318-6</subfield></datafield><datafield tag="021" ind1=" " ind2=" "><subfield code="b">203773/03</subfield></datafield><datafield tag="100" ind1=" " ind2=" "><subfield code="a">20061013d2004----k y0pory0103 ba</subfield></datafield><datafield tag="101" ind1="0" ind2=" "><subfield code="a">por</subfield></datafield><datafield tag="102" ind1=" " ind2=" "><subfield code="a">PT</subfield></datafield><datafield tag="200" ind1="1" ind2=" "><subfield code="a">Histórias esbrenhuxas</subfield><subfield code="f">Margarida Castel-Branco</subfield><subfield code="g">il. Carla Antunes</subfield></datafield><datafield tag="210" ind1=" " ind2=" "><subfield code="a">Lisboa</subfield><subfield code="c">Verbo</subfield><subfield code="d">2003</subfield></datafield><datafield tag="215" ind1=" " ind2=" "><subfield code="a">14 f.</subfield><subfield code="c">il.</subfield><subfield code="d">25 cm</subfield></datafield><datafield tag="225" ind1="2" ind2=" "><subfield code="a">Histórias esbrenhuxas</subfield><subfield code="v">2</subfield></datafield><datafield tag="327" ind1="1" ind2=" "><subfield code="a">Vol. 2: A bruxa zanaga.- [26] p</subfield></datafield><datafield tag="517" ind1="1" ind2=" "><subfield code="a">A bruxa zanaga</subfield></datafield><datafield tag="608" ind1=" " ind2=" "><subfield code="a">Conto</subfield><subfield code="2">Autoridade</subfield><subfield code="3">PT9999-00-10-2009040123590005380</subfield></datafield><datafield tag="608" ind1=" " ind2=" "><subfield code="a">Literatura infantil e juvenil</subfield><subfield code="2">Autoridade</subfield><subfield code="3">PT9999-00-10-2009040123590005446</subfield></datafield><datafield tag="675" ind1=" " ind2=" "><subfield code="a">821.134.3-343</subfield><subfield code="v">BN</subfield><subfield code="z">por</subfield></datafield><datafield tag="700" ind1=" " ind2="1"><subfield code="a">Castel-Branco</subfield><subfield code="b">Margarida</subfield></datafield><datafield tag="702" ind1=" " ind2="1"><subfield code="a">Antunes</subfield><subfield code="b">Carla</subfield><subfield code="4">440</subfield></datafield><datafield tag="801" ind1=" " ind2="0"><subfield code="a">PT</subfield><subfield code="b">Biblioteca Municipal de Montalegre</subfield><subfield code="g">RPC</subfield></datafield><datafield tag="856" ind1=" " ind2=" "><subfield code="u">locateMedia.asp?cod=20060622105810&amp;ext=jpg</subfield><subfield code="z">CAPA</subfield></datafield><datafield tag="909" ind1="&#9;" ind2=" "><subfield code="a">1</subfield></datafield><datafield tag="966" ind1=" " ind2=" "><subfield code="a">0016762</subfield><subfield code="l">BMM</subfield><subfield code="s">SI 821.134.3-343 CAS bru 2</subfield></datafield></record></collection>